Automatically generated by Mendeley Desktop 1.19.8
Any changes to this file will be lost if it is regenerated by Mendeley.

BibTeX export options can be customized via Options -> BibTeX in Mendeley Desktop

@article{patra2012,
author = {Patra, Swarnajyoti and Bruzzone, Lorenzo},
doi = {10.1109/LGRS.2011.2172770},
journal = {IEEE Geosci. Remote Sens. Lett.},
number = {3},
pages = {497--501},
title = {{A Batch-Mode Active Learning Technique Based on Multiple Uncertainty for SVM Classifier}},
volume = {9},
year = {2012}
}
